@article{gorzo2016using,
  title={{Using the North American Breeding Bird Survey to assess broad-scale response of the continent's most imperiled avian community, grassland birds, to weather variability}},
  author={Gorzo, Jessica M and Pidgeon, Anna M and Thogmartin, Wayne E and Allstadt, Andrew J and Radeloff, Volker C and Heglund, Patricia J and Vavrus, Stephen J},
  journal={The Condor: Ornithological Applications},
  volume={118},
  number={3},
  pages={502--512},
  year={2016},
  publisher={Oxford University Press}
}

@phdthesis{gorzo2016avian,
  title={{Avian response to weather in the central US grasslands}},
  author={Gorzo, Jessica M},
  year={2016},
  school={The University of Wisconsin-Madison}
}

@mastersthesis{gorzo2012avian,
  title={{Avian communities and landscape characteristics of golf courses within the Beaufort County sea island complex}},
  author={Gorzo, Jessica Marie},
  year={2012},
  school={Clemson University}
}

@article{schilke2020modeling,
  title={Modeling a cross-ecosystem subsidy: forest songbird response to emergent aquatic insects},
  author={Schilke, Paul R and Bartrons, Mireia and Gorzo, Jessica M and Vander Zanden, M Jake and Gratton, Claudio and Howe, Robert W and Pidgeon, Anna M},
  journal={Landscape Ecology},
  volume={35},
  pages={1587--1604},
  year={2020},
  publisher={Springer Netherlands}
}

@article{mcintyre2019simulating,
  title={{Simulating the effects of climate variability on waterbodies and wetland-dependent birds in the Prairie Pothole Region}},
  author={McIntyre, NE and Liu, G and Gorzo, J M and Wright, Chris K and Guntenspergen, Glenn R and Schwartz, F},
  journal={Ecosphere},
  volume={10},
  number={4},
  pages={e02711},
  year={2019}
}

@article{hamilton2018slow,
  title={{Slow and steady wins the race? Future climate and land use change leaves the imperiled Blanding's turtle (Emydoidea blandingii) behind}},
  author={Hamilton, Christopher M and Bateman, Brooke L and Gorzo, Jessica M and Reid, Brendan and Thogmartin, Wayne E and Peery, M Zachariah and Heglund, Patricia J and Radeloff, Volker C and Pidgeon, Anna M},
  journal={Biological Conservation},
  volume={222},
  pages={75--85},
  year={2018},
  publisher={Elsevier}
}

@article{latimer2022rising,
  title={Rising novelty and homogenization of breeding bird communities in the US},
  author={Latimer, Christopher E and Graves, Rose and Pidgeon, Anna M and Gorzo, Jessica M and Henschell, Max M and Schilke, Paul R and Hobi, Martina L and Olah, Ashley and Kennedy, Christina M and Zuckerberg, Benjamin and others},
  journal={bioRxiv},
  pages={2022--09},
  year={2022},
  publisher={Cold Spring Harbor Laboratory}
}

@article{simonetti2008minor,
  title={{Minor Planet Observations [841 Martin Observatory, Blacksburg]}},
  author={Simonetti, JH and Chou, A and Dowd, J and Gorzo, J and Grimm, C and Harold, M and Hubbard, R and Kuether, T and Loyd, R and Nipper, B and others},
  journal={Minor Planet Circulars},
  volume={62871},
  pages={9},
  year={2008}
}

@inproceedings{jess2018mallard,
  title={{Mallard Distribution and Wetland Network Modularity in the Prairie Pothole Region (PPR)}},
  author={Gorzo, Jessica M and Wright, Christopher K},
  booktitle={IALE-NA},
  volume={T02},
  pages={Terrestrial-aquatic ecosystem interactions},
  year={2018}
}

@inproceedings{tag,
author = {Gorzo, Jessica M},
title= {Waterfowl response to weather and land cover in the prairie potholes},
booktitle   = {Proceedings of the Ninety-Eighth Annual Meeting},
year= {2017},
publisher = {The Wilson Journal of Ornithology},
pages     = {922},
url       = {https://doi.org/10.1676/1559-4491-129.4.911}
}

@inproceedings{tag2,
author = {Gorzo, Jessica M and Pidgeon, Anna and Allstadt, Andrew and Thogmartin, Wayne and Vavrus, Steve and Heglund, Patricia},
title= {Land cover and weather drivers of avian site fidelity},
year= {2016},
booktitle={Proceedings of the Society for Conservation Biology},
publisher = {North American Congress for Conservation Biology},
}

@inproceedings{wright2018mallard,
  title={For Mallard Ducks, the Network is the Habitat},
  author={Wright, Christopher K and Gorzo, Jessica M},
  booktitle={AGU Fall Meeting Abstracts},
  volume={2018},
  pages={H21L--1826},
  year={2018}
}

@inproceedings{aou,
  title={Grassland bird response to weather in the badlands and prairies},
  author={Gorzo, J M and Pidgeon, A M and Thogmartin, W and Allstadt, A and Radeloff, V},
  booktitle={Meeting of the American Ornithologists’ Union/Cooper Society},
  year={2015}
}

@inproceedings{earth,
  title={Avian population response to extreme weather events},
  author={Gorzo, J M},
  booktitle={Nelson Earth Day Conference},
  year={2014}
}

@inproceedings{aoufl,
  title={{The breeding bird community of coastal golf courses in Beaufort County, South Carolina}},
  author={Gorzo, J M and Jodice, P.G.R},
  booktitle={Meeting of the American Ornithologists’ Union},
  year={2011}
}

@inproceedings{wos,
  title={Bird community distribution on golf courses in coastal Beaufort County, SC},
  author={Gorzo, J M and Jodice, P.G.R},
  booktitle={Meeting of the Wilson Society/Cooper Society/Association of Field Ornithologists},
  year={2011}
}

@inproceedings{allstadt2016effects,
  title={{Effects of weather on the abundance and distribution on populations of 103 breeding bird species across the United States}},
  author={Allstadt, Andrew J and Gorzo, Jessica M and Bateman, Brooke L and Heglund, Patricia J and Pidgeon, Anna Michle and Thogmartin, Wayne and Vavrus, Stephen J and Radeloff, Volker},
  booktitle={AGU Fall Meeting Abstracts},
  volume={2016},
  pages={GC11D--1181},
  year={2016}
}

@inproceedings{wos,
  title={Use of multiple data sources in identifying drivers of abundance in an irruptive species, the Dickcissel},
  author={Bateman, B and Gorzo, J M and Pidgeon, A and Radeloff, V and Akcakaya, R and Flather, C and Albright, T and Vavrus, S and Thogmartin, W and Heglund, P},
  booktitle={Meeting of the American Ornithologists’ Union/Cooper Ornithological Society},
  year={2013}
}

@techreport{noe2021measuring,
  title={Measuring what matters: Assessing the full suite of benefits of OHF investments},
  author={Noe, Ryan and Locke, Christina and Host, George and Gorzo, Jessica and Johnson, Lucinda and Lonsdorf, Eric and Grinde, Alexis and Joyce, Michael and Bednar, Josh and Dumke, Josh and others},
  year={2021}
}

@techreport{CitekeyTechreport,
  title={{Predicting Potential Beaver Dam Sites on Lake Superior's North Shore}},
  author      = "Johnson-Bice, Sean and Gorzo, Jessica M and Kovalenko, Katya and Brown, T and Host, George",
  institution = "Natural Resources Research Institute",
  address     = "University of Minnesota-Duluth",
  year        = 2020
}
